% vim: syntax=bib


@book{misérables,
  title     ={Les mis{\'e}rables},
  author    ={Hugo, V.},
  series    ={Works},
  year      ={1866},
  publisher ={J. Hetzel et A. Lacroix}
}

@inproceedings{france1790déclaration,
  title     ={D{\'e}claration des droits de l'homme et du citoyen},
  url={http://www.conseil-constitutionnel.fr/conseil-constitutionnel/francais/la-constitution/la-constitution-du-4-octobre-1958/declaration-des-droits-de-l-homme-et-du-citoyen-de-1789.5076.html},
  booktitle ={Constitution française du 3 septembre 1791}
}

@book{france1790constitution,
  Title  ={Constitution française},
  author ={{Assemblée constituante}},
  year   ={1789}
}


@online{RMSFreeSoftware,
  title        = {Free software philosophy},
  howpublished = {\url{https://www.gnu.org/philosophy/free-sw.html}},
  year         = {2014},
  urldate      = {2015-01-26}
}

@book{kipling1894livredelaJungle,
  title     = {Le Livre de la jungle},
  origtitle = {The Jungle Book},
  author    = {Rudyard Kipling},
  year      = {1894},
  publisher = {Macmillan Publishers},
  adress    = {Londres}
}

@article{rue89remiNoyonQuivirerPantheon,
  crossref = {siteRue89},
  journal  = {Rue89},
  title    = {Qui virer du Panthéon pour faire de la place aux femmes ?},
  author   = {Rémi Noyon},
  year     = {2013},
  month    = {9},
  day      = {8},
  url      = {http://rue89.nouvelobs.com/2013/09/08/virer-pantheon-faire-place-femmes-245443},
  urldate  = {2015-01-30}
}

@online{siteRue89,
  title        = {Rue 89},
  howpublished = {http://rue89.nouvelobs.com/},
  urldate      = {2015-01-30}
}

@book{domjuan,
  title    = {Dom Juan},
  subtitle = {ou le festin de Pierre},
  author   = {Molière},
  location = {Paris},
  type     = {Tragédie},
  year     = {1682}
}

@misc{ArteCDoutriauxKarambolage10ans,
  crossref     = {ArteKarambolage},
  title        = {\enquote{Karambolage} fête ses 10~ans},
  author       = {Claire Doutriaux},
  year         = {2014},
  month        = {10},
  url          = {http://www.arte.tv/guide/fr/053980-000/karambolage-fete-ses-10-ans}
}

@misc{ArteCDoutriauxKarambolageAZERTY,
  crossref     = {ArteKarambolage},
  title        = {Le quotidien : AZERTY},
  author       = {Volker Saux and Gilles Roqueplo},
  year         = {2011},
  month        = {9},
  url          = {http://www.arte.tv/fr/le-quotidien-azerty/4169540,CmC=4169550.html}
}

@misc{ArteKarambolage,
  title        = {Karambolage},
  organization = {{Arte}},
  type         = {Ressource télévisuelle},
  library      = {Les rediffusions ainsi que les modalités d’acquisition comerciales sont annoncées sur l’url associée.},
  series       = {Karambolage},

}

@misc{H2G2,
  title        = {Le Guide du voyageur galactique},
  author       = {Douglas Adams},
  year         = {1978},
}

@online{AcademieFRQuestMajusculeAcc,
  title        = {Accentuation des majuscules},
  institution  = {{Académie française}},
  series       = {Questions de langue},
  url          = {http://www.academie-francaise.fr/la-langue-francaise/questions-de-langue\#5_strong-em-accentuation-des-majuscules-em-strong},
  howpublished = {Resource en ligne ; Dernière consultation en date du 2015-05-13.},
  urldate      = {2015-05-13}

}

@online{JacquesAndreHistroireOEarobase,
  title        = {Histoire d’Œ, histoire d’@ des rumeurs typographiques et de leurs enseignements},
  author       = {Jacques André},
  year         = {2003},
  month        = {10},
  howpublished = {Resource en ligne ; \textsc{url} : \url{http://jacques-andre.fr/japublis/dida/andrej.htm\#_ref_note41}. Dernière consultation en date du 2015-05-13.},
  url          = {http://jacques-andre.fr/japublis/dida/andrej.htm\#_ref_note41},
  urldate      = {2015-05-13}

}

@book{DvorakTypewritingBehavior,
  title        = {Typewriting Behavior},
  subtitle     = {Psychology applied to teaching and learning Typewriting},
  author       = {Dvorak, August and Merrick, Nellie and Dealey, William and Ford, Gertrude},
  publisher    = {American Book Co.},
  address      = {New York, USA},
  year         = {1936}
}

@book{BoileauSatires,
  title  ={Satires},
  author ={Nicolas Boileau},
  year   ={1657}
}

@online{jgrimbertPagesWebPiecesFeeriques,
  Title    = {Pièces féériques},
  url      = {http://jgrimbert.free.fr/pieces/},
  crossref = {jgrimbertPagesWeb}
}

@online{jgrimbertPagesWeb,
  Title  = {Les pages Web de Jérôme \bsc{Grimbert}},
  author = {Jérôme Grimbert},
  url    = {http://jgrimbert.free.fr/}
}

@book{fuiteDesPrisonsDeVenise,
  Title    = {Histoire de ma fuite des prisons de la république de Venise, appelées les Plombs},
  Author   = {Giacomo Casanova},
  Editor   = {Le Noble de Schönfeld},
  year     = {1788},
  location = {Prague}
}
